@article{SIC2019,
author = {Amico, Ma√Ølis and Van Keilegom, Ingrid and Legrand, Catherine},
title = {The single-index/Cox mixture cure model},
journal = {Biometrics},
volume = {75},
number = {2},
pages = {452-462},
keywords = {cure models, EM algorithm, kernel smoothing, logistic model, proportional hazards model, survival analysis},
doi = {10.1111/biom.12999},
year = {2019}
}

