@article{SIC2019,
author = {Amico, Ma√Ølis and Van Keilegom, Ingrid and Legrand, Catherine},
title = {The single-index/Cox mixture cure model},
journal = {Biometrics},
volume = {75},
number = {2},
pages = {452-462},
keywords = {cure models, EM algorithm, kernel smoothing, logistic model, proportional hazards model, survival analysis},
doi = {10.1111/biom.12999},
year = {2019}
}

@article{Boag1949,
	ISSN = {00359246},
	author = {John W. Boag},
	journal = {Journal of the Royal Statistical Society. Series B (Methodological)},
	number = {1},
	pages = {15--53},
	publisher = {[Royal Statistical Society, Wiley]},
	title = {Maximum Likelihood Estimates of the Proportion of Patients Cured by Cancer Therapy},
	volume = {11},
	year = {1949}
}

@article{Farewell1982,
	ISSN = {0006341X, 15410420},
	author = {V. T. Farewell},
	journal = {Biometrics},
	number = {4},
	pages = {1041--1046},
	publisher = {[Wiley, International Biometric Society]},
	title = {The Use of Mixture Models for the Analysis of Survival Data with Long-Term Survivors},
	volume = {38},
	year = {1982}
}

@article{Cox1972,
	ISSN = {00359246},
	author = {D. R. Cox},
	journal = {Journal of the Royal Statistical Society. Series B (Methodological)},
	number = {2},
	pages = {187--220},
	publisher = {[Royal Statistical Society, Wiley]},
	title = {Regression Models and Life-Tables},
	volume = {34},
	year = {1972}
}

@article{Klein1993,
	ISSN = {00129682, 14680262},
	author = {Roger W. Klein and Richard H. Spady},
	journal = {Econometrica},
	number = {2},
	pages = {387--421},
	publisher = {[Wiley, Econometric Society]},
	title = {An Efficient Semiparametric Estimator for Binary Response Models},
	volume = {61},
	year = {1993}
}

@article{Ich1993,
	title = "Semiparametric least squares (SLS) and weighted SLS estimation of single-index models",
	journal = "Journal of Econometrics",
	volume = "58",
	number = "1",
	pages = "71 - 120",
	year = "1993",
	issn = "0304-4076",
	doi = "https://doi.org/10.1016/0304-4076(93)90114-K",
	author = "Hidehiko Ichimura",
}

@article{Sy2000,
	ISSN = {0006341X, 15410420},
	author = {Judy P. Sy and Jeremy M. G. Taylor},
	journal = {Biometrics},
	number = {1},
	pages = {227--236},
	publisher = {[Wiley, International Biometric Society]},
	title = {Estimation in a Cox Proportional Hazards Cure Model},
	volume = {56},
	year = {2000}
}

@article{Hastie2009,
	author = {Hastie, T., Tibshirani, R., and Friedman, R.},
	year = {2009},
	title = {The Elements of Statistical Learning: Data Mining, Inference, and Prediction},
	journal = {New York: Springer},
	doi = {10.1111/j.1467-985x.2010.00646_6.x}
}